<record><leader>00000cas a22000007a 4500</leader><controlfield tag="001">24526682</controlfield><controlfield tag="008">911010d190119uunyuwr ne      0    0eng d</controlfield><datafield ind1=" " ind2=" " tag="010"><subfield code="a">sn 91066695 </subfield></datafield><datafield ind1=" " ind2=" " tag="040"><subfield code="a">NYS</subfield><subfield code="b">eng</subfield><subfield code="c">NYS</subfield><subfield code="d">OCLCQ</subfield></datafield><datafield ind1=" " ind2=" " tag="042"><subfield code="a">msc</subfield></datafield><datafield ind1="0" ind2="4" tag="245"><subfield code="a">The Hunter review.</subfield></datafield><datafield ind1=" " ind2=" " tag="260"><subfield code="a">Hunter, Greene Co., N.Y. :</subfield><subfield code="b">A.L. Baldwin</subfield></datafield><datafield ind1=" " ind2=" " tag="300"><subfield code="a">v.</subfield></datafield><datafield ind1=" " ind2=" " tag="310"><subfield code="a">Weekly</subfield></datafield><datafield ind1="1" ind2=" " tag="362"><subfield code="a">Began in 1901?</subfield><subfield code="z">Cf. Gregory, W. Amer. newspapers.</subfield></datafield><datafield ind1=" " ind2=" " tag="500"><subfield code="a">Published by: Sam B. Johnson, &lt;1937-1945&gt;.</subfield></datafield><datafield ind1=" " ind2=" " tag="588"><subfield code="a">Description based on: Vol. 21, no. 40 (Mar. 24, 1905).</subfield></datafield><datafield ind1=" " ind2=" " tag="588"><subfield code="a">Latest issue consulted: Vol. 62, no. 21 (Sept. 29, 1945).</subfield></datafield><datafield ind1=" " ind2="4" tag="651"><subfield code="a">Hunter (N.Y.)</subfield><subfield code="v">Newspapers.</subfield></datafield><datafield ind1=" " ind2=" " tag="752"><subfield code="a">United States</subfield><subfield code="b">New York</subfield><subfield code="c">Greene</subfield><subfield code="d">Hunter.</subfield></datafield><datafield ind1="0" ind2="0" tag="780"><subfield code="t">Republican (Hunter, N.Y.)</subfield><subfield code="w">(DLC)sn 91066694</subfield><subfield code="w">(OCoLC)24526681</subfield></datafield><datafield ind1="1" ind2=" " tag="029"><subfield code="a">AU@</subfield><subfield code="b">000025850693</subfield></datafield></record>